<?xml version="1.0" encoding="UTF-8"?><record xmlns="http://www.loc.gov/MARC21/slim" xmlns:cinclude="http://apache.org/cocoon/include/1.0" xmlns:zs="http://www.loc.gov/zing/srw/">
  <leader>00883cz  a2200145n  4500</leader>
  <controlfield tag="001">n 2006216479</controlfield>
  <controlfield tag="003">DLC</controlfield>
  <controlfield tag="005">20120816081028.0</controlfield>
  <controlfield tag="008">061107n| acannaabn          |a ana      </controlfield>
  <datafield tag="010" ind1=" " ind2=" ">
    <subfield code="a">n 2006216479</subfield>
  </datafield>
  <datafield tag="040" ind1=" " ind2=" ">
    <subfield code="a">DLC</subfield>
    <subfield code="b">eng</subfield>
    <subfield code="c">DLC</subfield>
    <subfield code="d">DLC</subfield>
  </datafield>
  <datafield tag="111" ind1="2" ind2=" ">
    <subfield code="a">National Seminar on Peace Process in North East India</subfield>
    <subfield code="d">(2005 :</subfield>
    <subfield code="c">North Eastern Hill University)</subfield>
  </datafield>
  <datafield tag="411" ind1="2" ind2=" ">
    <subfield code="a">Seminar on Peace Process in North East India, National</subfield>
  </datafield>
  <datafield tag="667" ind1=" " ind2=" ">
    <subfield code="a">THIS 1XX FIELD CANNOT BE USED UNDER RDA UNTIL THIS RECORD HAS BEEN REVIEWED AND/OR UPDATED</subfield>
  </datafield>
  <datafield tag="670" ind1=" " ind2=" ">
    <subfield code="a">National Seminar on Peace Process in North East India (2005 : North Eastern Hill University). Peace in India's North-East, c2006:</subfield>
    <subfield code="b">p. 469 (National Seminar on Peace Process in North East India organised by the Indian Council of Social Science Research, North Eastern Regional Centre, Shillong at the North Eastern Hill University (NEHU) on 20th and 21st Oct. 2005)</subfield>
  </datafield>
</record>